@misc{spec,
    title = {Technical specifications CrustCrawler},
    howpublished = {\url{http://www.crustcrawler.com/products/AX-18F\%20Smart\%20Robotic\%20Arm/docs/AX12A18A\%20Smart\%20Robotic\%20Arm\%20Specifications.pdf}}
},
@misc{hand,
    title = {Right-hand picture},
    howpublished = {\url{https://www.ias.informatik.tu-darmstadt.de/Teaching/RobotLearningLecture2}}
},

